/******************************************************************************
Use the https://www.doi2bib.org website to easily get well formated BibTex
entries.
******************************************************************************/

@article{OliveiraJr2015,
  author = {Oliveira Jr., V. C. and Sales, D. P. and Barbosa, V. C. F. and Uieda, L.},
  journal = {Nonlinear Processes in Geophysics},
  number = {2},
  year = {2015},
  month = {4},
  pages = {215--232},
  title = {Estimation of the total magnetization direction of approximately spherical bodies},
  volume = {22},
  doi = {10.5194/npg-22-215-2015},
  issn = {16077946},
}

@article{Dampney1969,
    author = {Dampney,  C. N. G.},
    title = {THE EQUIVALENT SOURCE TECHNIQUE},
    journal = {GEOPHYSICS},
    publisher = {Society of Exploration Geophysicists},
    year = {1969},
    month = feb,
    pages = {39–53},
    volume = {34},
    number = {1},
    issn = {1942-2156},
    doi = {10.1190/1.1439996},
}

@article{Cordell1992,
    author = {Cordell, L},
    title = {A scattered equivalent-source method for interpolation and gridding of potential-field data in three dimensions},
    journal = {Geophysics},
    year = {1992},
    month = {4},
    pages = {629--636},
    volume = {57},
    number = {4},
    issn = {1942-2156},
    doi = {10.1190/1.1443275},
}

@book{Blakley1995,
    author = {Blakely,  R. J.},
    title = {Potential Theory in Gravity and Magnetic Applications},
    publisher = {Cambridge University Press},
    year = {1995},
    month = jan,
    isbn = {9780511549816},
    doi = {10.1017/cbo9780511549816},
}

@book{Langel1998,
    author = {Langel,  R. A. and Hinze,  W. J.},
    title = {Magnetic Field of the Earths Lithosphere The: The Satellite Perspective},
    publisher = {Cambridge University Press},
    year = {1998},
    doi = {10.1017/cbo9780511629549},
}

@article{Li2020,
    author = {Li,  Duan and Liang,  Qing and Du,  Jinsong and Sun,  Shida and Zhang,  Yi and Chen,  Chao},
    title = {Transforming Total‐Field Magnetic Anomalies Into Three Components Using Dual‐Layer Equivalent Sources},
    journal = {Geophysical Research Letters},
    publisher = {American Geophysical Union (AGU)},
    year = {2020},
    month = feb,
    volume = {47},
    number = {3},
    issn = {1944-8007},
    doi = {10.1029/2019gl084607},
}

@article{Soler2021,
    author = {Soler,  Santiago R and Uieda,  Leonardo},
    title = {Gradient-boosted equivalent sources},
    journal = {Geophysical Journal International},
    publisher = {Oxford University Press (OUP)},
    year = {2021},
    month = aug,
    volume = {227},
    number = {3},
    issn = {1365-246X},
    pages = {1768–1783},
}

@article{Friedman2001,
    author = {Friedman,  Jerome H.},
    title = {Greedy function approximation: A gradient boosting machine.},
    journal = {The Annals of Statistics},
    publisher = {Institute of Mathematical Statistics},
    year = {2001},
    month = oct,
    volume = {29},
    number = {5},
    issn = {0090-5364},
    doi = {10.1214/aos/1013203451},
}

@article{Friedman2002,
    author = {Friedman,  Jerome H.},  
    title = {Stochastic gradient boosting},
    journal = {Computational Statistics &amp; Data Analysis},
    publisher = {Elsevier BV},
    year = {2002},
    month = feb,
    volume = {38},
    number = {4},
    pages = {367–378},
    issn = {0167-9473},
    doi = {10.1016/s0167-9473(01)00065-2},
}

@article{Roberts2017,
    author = {Roberts,  David R. and Bahn,  Volker and Ciuti,  Simone and Boyce,  Mark S. and Elith,  Jane and Guillera‐Arroita,  Gurutzeta and Hauenstein,  Severin and Lahoz‐Monfort,  José J. and Schr\"{o}der,  Boris and Thuiller,  Wilfried and Warton,  David I. and Wintle,  Brendan A. and Hartig,  Florian and Dormann,  Carsten F.},
    title = {Cross‐validation strategies for data with temporal,  spatial,  hierarchical,  or phylogenetic structure},
    journal = {Ecography},
    publisher = {Wiley},
    pages = {913–929},
    volume = {40},
    number = {8},
    year = {2017},
    month = mar,
    issn = {1600-0587},
    doi = {10.1111/ecog.02881},
}

@article{Geisser1975,
    author = {Geisser,  Seymour},
    title = {The Predictive Sample Reuse Method with Applications},
    journal = {Journal of the American Statistical Association},
    publisher = {Informa UK Limited},
    pages = {320–328},
    volume = {70},    
    number = {350},
    year = {1975},
    month = jun,
    issn = {1537-274X},
    doi = {10.1080/01621459.1975.10479865},
}

@article{Jung2017,
    author = {Jung,  Yoonsuh},
    title = {Multiple predicting K-fold cross-validation for model selection},
    journal = {Journal of Nonparametric Statistics},
    publisher = {Informa UK Limited},  
    pages = {197–215},
    volume = {30},
    number = {1},
    year = {2017},
    month = nov,
    issn = {1029-0311},
    doi = {10.1080/10485252.2017.1404598},
}

@misc{ICEGRAV_data, 
    author = {Ferraccioli,  Fausto and Forsberg,  R. and Olesen,  Arne and Jordan,  Tom and Matsuoka,  Kenichi and Zakrajsek,  Andrés and Ghidella,  Marta},
    title = {Processed line aeromagnetic data over the Recovery Lakes region and interior Dronning Maud Land,  East Antarctica (2013)},
    publisher = {UK Polar Data Centre,  Natural Environment Research Council,  UK Research & Innovation},
    year = {2020},
    copyright = {Open Government Licence V3.0},
    url = {https://data.bas.ac.uk/full-record.php?id=GB/NERC/BAS/PDC/01272},
    doi = {10.5285/849E2215-95B0-4275-88B8-50E18E3F8D56},
}    